<record><leader>00000cas a22000007a 4500</leader><controlfield tag="001">29789065</controlfield><controlfield tag="008">940211d18941903okuwr ne      0    0eng d</controlfield><datafield ind1=" " ind2=" " tag="010"><subfield code="a">sn 94058743 </subfield></datafield><datafield ind1=" " ind2=" " tag="040"><subfield code="a">OBN</subfield><subfield code="b">eng</subfield><subfield code="c">OBN</subfield><subfield code="d">OCL</subfield><subfield code="d">OCLCQ</subfield></datafield><datafield ind1=" " ind2=" " tag="042"><subfield code="a">msc</subfield></datafield><datafield ind1="0" ind2="4" tag="245"><subfield code="a">The Pawnee dispatch.</subfield></datafield><datafield ind1=" " ind2=" " tag="260"><subfield code="a">Pawnee, Okla. :</subfield><subfield code="b">W.H. Peter</subfield></datafield><datafield ind1=" " ind2=" " tag="300"><subfield code="a">v.</subfield></datafield><datafield ind1=" " ind2=" " tag="310"><subfield code="a">Weekly</subfield></datafield><datafield ind1="0" ind2=" " tag="362"><subfield code="a">-v. 9, no. 11 (Feb. 27, 1903).</subfield></datafield><datafield ind1="1" ind2=" " tag="362"><subfield code="a">Began in 1894.</subfield></datafield><datafield ind1=" " ind2=" " tag="588"><subfield code="a">Description based on: Vol. 1, no. 25 (May 31, 1895).</subfield></datafield><datafield ind1=" " ind2="4" tag="651"><subfield code="a">Pawnee (Okla.)</subfield><subfield code="v">Newspapers.</subfield></datafield><datafield ind1=" " ind2="4" tag="651"><subfield code="a">Pawnee County (Okla.)</subfield><subfield code="v">Newspapers.</subfield></datafield><datafield ind1=" " ind2=" " tag="752"><subfield code="a">United States</subfield><subfield code="b">Oklahoma</subfield><subfield code="c">Pawnee</subfield><subfield code="d">Pawnee.</subfield></datafield><datafield ind1="0" ind2="7" tag="785"><subfield code="t">Pawnee County courier</subfield><subfield code="w">(DLC)sn 94058744</subfield><subfield code="w">(OCoLC)29789427</subfield></datafield><datafield ind1="0" ind2="7" tag="785"><subfield code="t">Pawnee courier-dispatch (Pawnee, Okla. : 1903)</subfield><subfield code="w">(DLC)sn 94058745</subfield><subfield code="w">(OCoLC)29789881</subfield></datafield><datafield ind1="1" ind2=" " tag="029"><subfield code="a">AU@</subfield><subfield code="b">000010884866</subfield></datafield></record>